<?xml version="1.0" encoding="UTF-8"?><collection xmlns="http://www.loc.gov/MARC21/slim"><record><leader>00700nam--2200181-i-4500</leader><controlfield tag="001">000017683</controlfield><controlfield tag="002">20161230</controlfield><controlfield tag="005">20170105145709</controlfield><controlfield tag="008">060222s1000------------r-----000-0-eng-d</controlfield><datafield ind1=" " ind2=" " tag="080"><subfield code="a">620.18(636.45)</subfield></datafield><datafield ind1=" " ind2=" " tag="100"><subfield code="a">Aaronson, Hubert I</subfield></datafield><datafield ind1=" " ind2=" " tag="245"><subfield code="a">High-temperature. High -resolution metallo- graphy. Proceedings of a Symposium sponsored by Ferrous Metallurgy Committee, Institute of Metals division, the Metallurgical Society, American Institute of Mining, Metallurgical and Petroleum Engineers. (Chicago,</subfield></datafield><datafield ind1=" " ind2=" " tag="260"><subfield code="a">New York</subfield><subfield code="b">Gordon And Breach Sc.Publ</subfield></datafield><datafield ind1=" " ind2=" " tag="300"><subfield code="a">381 p</subfield></datafield><datafield ind1=" " ind2=" " tag="490"><subfield code="a">Metallurgical Society Conferences</subfield></datafield><datafield ind1=" " ind2=" " tag="700"><subfield code="a">Ansellg, S</subfield></datafield><datafield ind1=" " ind2=" " tag="852"><subfield code="a">33603</subfield></datafield><datafield ind1=" " ind2=" " tag="CAT"><subfield code="a">SYS</subfield><subfield code="c">20170105</subfield><subfield code="h">145709</subfield></datafield></record></collection>